

@Manual{citeR,
    title = {R: A Language and Environment for Statistical Computing},
    author = {{R Core Team}},
    organization = {R Foundation for Statistical Computing},
    address = {Vienna, Austria},
    year = {2023},
    url = {https://www.R-project.org/},
  }
  
  
@Article{thereferencecanbewhatever,
    title = {Welcome to the {tidyverse}},
    author = {Hadley Wickham and Mara Averick and Jennifer Bryan and Winston Chang and Lucy D'Agostino McGowan and Romain François and Garrett Grolemund and Alex Hayes and Lionel Henry and Jim Hester and Max Kuhn and Thomas Lin Pedersen and Evan Miller and Stephan Milton Bache and Kirill Müller and Jeroen Ooms and David Robinson and Dana Paige Seidel and Vitalie Spinu and Kohske Takahashi and Davis Vaughan and Claus Wilke and Kara Woo and Hiroaki Yutani},
    year = {2019},
    journal = {Journal of Open Source Software},
    volume = {4},
    number = {43},
    pages = {1686},
    doi = {10.21105/joss.01686},
  }  
  
  
  
@article{gebru2021datasheets,
  title={Datasheets for datasets},
  author={Gebru, Timnit and Morgenstern, Jamie and Vecchione, Briana and Vaughan, Jennifer Wortman and Wallach, Hanna and Iii, Hal Daum{\'e} and Crawford, Kate},
  journal={Communications of the ACM},
  volume={64},
  number={12},
  pages={86--92},
  year={2021},
  publisher={ACM New York, NY, USA}
}

@Misc{rstanarm,
    title = {rstanarm: {Bayesian} applied regression modeling via {Stan}},
    author = {Ben Goodrich and Jonah Gabry and Imad Ali and Sam Brilleman},
    note = {R package version 2.21.3},
    year = {2022},
    url = {https://mc-stan.org/rstanarm/},
  }
  

  
@Article{rohan,
    title = {Welcome to the {tidyverse}},
    author = {Hadley Wickham and Mara Averick and Jennifer Bryan and Winston Chang and Lucy D'Agostino McGowan and Romain François and Garrett Grolemund and Alex Hayes and Lionel Henry and Jim Hester and Max Kuhn and Thomas Lin Pedersen and Evan Miller and Stephan Milton Bache and Kirill Müller and Jeroen Ooms and David Robinson and Dana Paige Seidel and Vitalie Spinu and Kohske Takahashi and Davis Vaughan and Claus Wilke and Kara Woo and Hiroaki Yutani},
    year = {2019},
    journal = {Journal of Open Source Software},
    volume = {4},
    number = {43},
    pages = {1686},
    doi = {10.21105/joss.01686},
  }  
  
  
@article{grieco2020americans,
  title={Americans’ main sources for political news vary by party and age},
  author={Grieco, Elizabeth},
  year={2020},
  month={April},
  day={1},
  publisher={Pew Research Center},
  url={https://www.pewresearch.org/short-reads/2020/04/01/americans-main-sources-for-political-news-vary-by-party-and-age/}
}


@article{blake2014ranking,
  title={Ranking the media from liberal to conservative, based on their audiences},
  author={Blake, Aaron},
  year={2014},
  month={October},
  day={21},
  publisher={The Washington Post},
  url={https://www.washingtonpost.com/news/the-fix/wp/2014/10/21/lets-rank-the-media-from-liberal-to-conservative-based-on-their-audiences/}
}


@article{wettstein2017media,
  title={Media Effects: How Media Influence Voters},
  author={Wettstein, Martin and Wirth, Werner},
  journal={Swiss Political Science Review},
  volume={23},
  number={3},
  pages={262--269},
  year={2017},
  doi={10.1111/spsr.12263},
  url={https://doi.org/10.1111/spsr.12263}
}


